@misc{QwenAI,
  author={Qwen AI},
  title={Multimedia Project Assistance},
  year={2025},
  note={\url{https://chat.qwen.ai/s/ab5cb85a-06ca-4323-ae86-1975675d5af8?fev=0.0.101}},
}
@misc{GeminiAI,
  author={GeminiAI},
  title={Debugging Collision in a Game},
  year={2025},
  note={\url{https://gemini.google.com/share/53eec50dd60b}},
}